@inproceedings{Wright09,
  author = {Alex Wright},
  title = {Mining the Web for Feelings, Not Facts},
  booktitle = {The New York Times},
  year = {2009},
}
@inproceedings{Shepitsen08,
  author = {Shepitsen, Andriy and Gemmell, Jonathan and Mobasher, Bamshad and Burke, Robin},
  title = {Personalized recommendation in social tagging systems using hierarchical clustering},
  booktitle = {Proceedings of the 2008 ACM conference on Recommender systems},
  year = {2008},
}
@article{Ardissono03,
  author = {Ardissono, Liliana and Goy, Anna and Petrone, Giovanna and Segnan, Marino and Torasso, Pietro},
  title = {Intrigue: Personalized recommendation of tourist attractions for desktop and hand held devices},
  journal = {Applied Artificial Intelligence},
  year = {2003},
}
@article{Kim02,
  author = "Jae Kyeong Kim and Yoon Ho Cho and Woo Ju Kim and Je Ran Kim and Ji Hae Suh",
  title = "A personalized recommendation procedure for Internet shopping support",
  journal = "Electronic Commerce Research and Applications",
  year = "2002",
}
@INPROCEEDINGS{Wu01, 
  author={Yi-Hung Wu and Yong-Chuan Chen and Chen, A.L.P.}, 
  title={Enabling personalized recommendation on the Web based on user interests and behaviors}, 
  booktitle={Proceedings of the Eleventh International Workshop on Research Issues in Data Engineering},
  year={2001}, 
}
@article{Zhang10,
  author = "Zi-Ke Zhang and Tao Zhou and Yi-Cheng Zhang",
  title = "Personalized recommendation via integrated diffusion on user-item-tag tripartite graphs",
  journal = "Physica A: Statistical Mechanics and its Applications",
  year = "2010",
}
@inproceedings{Guy09,
  author = {Guy, Ido and Zwerdling, Naama and Carmel, David and Ronen, Inbal and Uziel, Erel and Yogev, Sivan and Ofek-Koifman, Shila},
  title = {Personalized recommendation of social software items based on social relations},
  booktitle = {Proceedings of the third ACM conference on Recommender systems},
  year = {2009},
}
@inproceedings{Chu09,
  author = {Chu, Wei and Park, Seung-Taek},
  title = {Personalized recommendation on dynamic content using predictive bilinear models},
  booktitle = {Proceedings of the 18th international conference on World wide web},
  year = {2009},
} 
@INPROCEEDINGS{Lee07,
  author = {Honglak Lee and Alexis Battle and Rajat Raina and Andrew Y. Ng},
  title = {Efficient sparse coding algorithms},
  booktitle = {NIPS},
  year = {2007},
}
@article{CC01a,
  author = {Chang, Chih-Chung and Lin, Chih-Jen},
  title = {{LIBSVM}: A library for support vector machines},
  journal = {ACM Transactions on Intelligent Systems and Technology},
  year = {2011},
  note = {Available at \url{http://www.csie.ntu.edu.tw/~cjlin/libsvm}}
}
@ARTICLE{El02, 
  author={El-Naqa, I. and Yongyi Yang and Wernick, M.N. and Galatsanos, N.P. and Nishikawa, R.M.},
  title={A support vector machine approach for detection of microcalcifications},
  journal={IEEE Transactions on Medical Imaging},
  year={2002}, 
}
@article{Goldberg92,
  author = {Goldberg, David and Nichols, David and Oki, Brian M. and Terry, Douglas},
  title = {Using collaborative filtering to weave an information tapestry},
  journal = {Communications of the ACM},
  year = {1992},
} 
@inproceedings{Sarwar01,
  author = {Sarwar, Badrul and Karypis, George and Konstan, Joseph and Riedl, John},
  title = {Item-based collaborative filtering recommendation algorithms},
  booktitle = {Proceedings of the 10th international conference on World Wide Web},
  year = {2001},
}
@inproceedings{Mairal09,
  author = {Mairal, Julien and Bach, Francis and Ponce, Jean and Sapiro, Guillermo},
  title = {Online dictionary learning for sparse coding},
  booktitle = {Proceedings of the 26th Annual International Conference on Machine Learning},
  year = {2009},
}